@article{chen1993approximations,
  title={Approximations of continuous functionals by neural networks with application to dynamic systems},
  author={Chen, T. and Chen, H.},
  journal={IEEE Transactions on Neural Networks},
  volume={4},
  number={6},
  pages={910--918},
  year={1993},
  publisher={IEEE}
}

@article{chen1995universal,
  title={Universal approximation to nonlinear operators by neural networks with arbitrary activation functions and its application to dynamical systems},
  author={Chen, T. and Chen, H.},
  journal={IEEE Transactions on Neural Networks},
  volume={6},
  number={4},
  pages={911--917},
  year={1995},
  publisher={IEEE}
}

@article{patra1999identification,
  title={Identification of nonlinear dynamic systems using functional link artificial neural networks},
  author={Patra, J. C. and Pal, R. N. and Chatterji, B. and Panda, G.},
  journal={IEEE transactions on systems, man, and cybernetics, part b (cybernetics)},
  volume={29},
  number={2},
  pages={254--262},
  year={1999},
  publisher={IEEE}
}

@article{zhao2009nonlinear,
  title={Nonlinear dynamic system identification using pipelined functional link artificial recurrent neural network},
  author={Zhao, H. and Zhang, J.},
  journal={Neurocomputing},
  volume={72},
  number={13-15},
  pages={3046--3054},
  year={2009},
  publisher={Elsevier}
}

@article{chen1995approximation,
  title={Approximation capability to functions of several variables, nonlinear functionals, and operators by radial basis function neural networks},
  author={Chen, T. and Chen, H.},
  journal={IEEE Transactions on Neural Networks},
  volume={6},
  number={4},
  pages={904--910},
  year={1995},
  publisher={IEEE}
}

@article{mhaskar1997neural,
  title={Neural networks for functional approximation and system identification},
  author={Mhaskar, H. N. and Hahm, N.},
  journal={Neural Computation},
  volume={9},
  number={1},
  pages={143--159},
  year={1997},
  publisher={MIT Press}
}

@article{rossi2005functional,
  title={Functional multi-layer perceptron: A non-linear tool for functional data analysis},
  author={Rossi, F. and Conan-Guez, B.},
  journal={Neural Networks},
  volume={18},
  number={1},
  pages={45--60},
  year={2005},
  publisher={Elsevier}
}

@article{neofotistos2018machine,
  title={Machine learning with observers predicts complex spatiotemporal behavior},
  author={Neofotistos, G. and Mattheakis, M. and Barmparis, G. D. and Hizanidis, J. and Tsironis, G. P. and Kaxiras, E.},
  journal={arXiv preprint arXiv:1807.10758},
  year={2018}
}

@article{raissi2018multistep,
  title={Multistep neural networks for data-driven discovery of nonlinear dynamical systems},
  author={Raissi, M. and Perdikaris, P. and Karniadakis, G. E.},
  journal={arXiv preprint arXiv:1801.01236},
  year={2018}
}

@article{rudy2017data,
  title={Data-driven discovery of partial differential equations},
  author={Rudy, S. H. and Brunton, S. L. and Proctor, J. L. and Kutz, J. N.},
  journal={Science Advances},
  volume={3},
  number={4},
  pages={e1602614},
  year={2017},
  publisher={American Association for the Advancement of Science}
}

@article{brunton2016discovering,
  title={Discovering governing equations from data by sparse identification of nonlinear dynamical systems},
  author={Brunton, S. L. and Proctor, J. L. and Kutz, J. N.},
  journal={Proceedings of the National Academy of Sciences},
  volume={113},
  number={15},
  pages={3932--3937},
  year={2016},
  publisher={National Acad Sciences}
}

@article{cybenko1989approximation,
  title={Approximation by superpositions of a sigmoidal function},
  author={Cybenko, G.},
  journal={Mathematics of Control, Signals and Systems},
  volume={2},
  number={4},
  pages={303--314},
  year={1989},
  publisher={Springer}
}

@article{hornik1989multilayer,
  title={Multilayer feedforward networks are universal approximators},
  author={Hornik, K. and Stinchcombe, M. and White, H.},
  journal={Neural Networks},
  volume={2},
  number={5},
  pages={359--366},
  year={1989},
  publisher={Elsevier}
}

@inproceedings{sabour2017dynamic,
  title={Dynamic routing between capsules},
  author={Sabour, S. and Frosst, N. and Hinton, G. E.},
  booktitle={Advances in Neural Information Processing Systems},
  pages={3856--3866},
  year={2017}
}

@inproceedings{krizhevsky2012imagenet,
  title={Imagenet classification with deep convolutional neural networks},
  author={Krizhevsky, A. and Sutskever, I. and Hinton, G. E.},
  booktitle={Advances in Neural Information Processing Systems},
  pages={1097--1105},
  year={2012}
}

@inproceedings{bottou2008tradeoffs,
  title={The tradeoffs of large scale learning},
  author={Bottou, L. and Bousquet, O.},
  booktitle={Advances in Neural Information Processing Systems},
  pages={161--168},
  year={2008}
}

@article{jin2019quantifying,
  title={Quantifying the generalization error in deep learning in terms of data distribution and neural network smoothness},
  author={Jin, P. and Lu, L. and Tang, Y. and Karniadakis, G. E.},
  journal={arXiv preprint arXiv:1905.11427},
  year={2019}
}

@article{raissi2019physics,
  title={Physics-informed neural networks: A deep learning framework for solving forward and inverse problems involving nonlinear partial differential equations},
  author={Raissi, M. and Perdikaris, P. and Karniadakis, G. E.},
  journal={Journal of Computational Physics}, 
  volume={378},
  pages={686--707},
  year={2019},
  publisher={Elsevier}
} 

@article{lu2019deepxde,
  title={{DeepXDE}: A deep learning library for solving differential equations},
  author={Lu, L. and Meng, X. and Mao, Z. and Karniadakis, G. E.},
  journal={arXiv preprint arXiv:1907.04502},
  year={2019}
}

@article{zhang2019quantifying,
  title={Quantifying total uncertainty in physics-informed neural networks for solving forward and inverse stochastic problems},
  author={Zhang, D. and Lu, L. and Guo, L. and Karniadakis, G. E.},
  journal={Journal of Computational Physics},
  volume={397},
  pages={108850},
  year={2019},
  publisher={Elsevier}
}

@article{pang2019fpinns,
  title={{fPINNs}: Fractional physics-informed neural networks},
  author={Pang, G. and Lu, L. and Karniadakis, G. E.},
  journal={SIAM Journal on Scientific Computing},
  volume={41},
  number={4},
  pages={A2603--A2626},
  year={2019},
  publisher={SIAM}
}

@article{winovich2019convpde,
  title={{ConvPDE-UQ}: Convolutional neural networks with quantified uncertainty for heterogeneous elliptic partial differential equations on varied domains},
  author={Winovich, N. and Ramani, K. and Lin, G.},
  journal={Journal of Computational Physics},
  year={2019},
  publisher={Elsevier}
}

@article{zhu2019physics,
  title={Physics-constrained deep learning for high-dimensional surrogate modeling and uncertainty quantification without labeled data},
  author={Zhu, Y. and Zabaras, N. and Koutsourelakis, P.-S. and Perdikaris, P.},
  journal={Journal of Computational Physics},
  volume={394},
  pages={56--81},
  year={2019},
  publisher={Elsevier}
}

@inproceedings{vaswani2017attention,
  title={Attention is all you need},
  author={Vaswani, A. and Shazeer, N. and Parmar, N. and Uszkoreit, J. and Jones, L. and Gomez, A. N. and Kaiser, {\L}. and Polosukhin, I.},
  booktitle={Advances in Neural Information Processing Systems},
  pages={5998--6008},
  year={2017}
}

@article{dumoulin2018feature-wise,
  author = {Dumoulin, V. and Perez, E. and Schucher, N. and Strub, F. and Vries, H. d. and Courville, A. and Bengio, Y.},
  title = {Feature-wise transformations},
  journal = {Distill},
  year = {2018},
  note = {https://distill.pub/2018/feature-wise-transformations},
  doi = {10.23915/distill.00011}
}

@book{mitzenmacher2017probability,
  title={Probability and computing: randomization and probabilistic techniques in algorithms and data analysis},
  author={Mitzenmacher, M. and Upfal, E.},
  year={2017},
  publisher={Cambridge university press}
}

@article{qin2019data,
  title={Data driven governing equations approximation using deep neural networks},
  author={Qin, T. and Wu, K. and Xiu, D.},
  journal={Journal of Computational Physics},
  year={2019},
  publisher={Elsevier}
}

@article{erichson2019physics,
  title={Physics-informed Autoencoders for {Lyapunov}-stable Fluid Flow Prediction},
  author={Erichson, N. B. and Muehlebach, M. and Mahoney, M. W.},
  journal={arXiv preprint arXiv:1905.10866},
  year={2019}
}

@article{trask2019gmls,
  title={{GMLS-Nets}: A framework for learning from unstructured data},
  author={Trask, N. and Patel, R. G. and Gross, B. J. and Atzberger, P. J.},
  journal={arXiv preprint arXiv:1909.05371},
  year={2019}
}

@book{zhang2017numerical,
  title={Numerical methods for stochastic partial differential equations with white noise},
  author={Zhang, Z. and Karniadakis, G. E.},
  year={2017},
  publisher={Springer}
}

@article{hanin2017universal,
  title={Universal function approximation by deep neural nets with bounded width and {ReLU} activations},
  author={Hanin, B.},
  journal={arXiv preprint arXiv:1708.02691},
  year={2017}
}

@article{lu2019dying,
  title={Dying {ReLU} and Initialization: Theory and Numerical Examples},
  author={Lu, L. and Shin, Y. and Su, Y. and Karniadakis, G. E.},
  journal={arXiv preprint arXiv:1903.06733},
  year={2019}
}

@article{lu2018collapse,
  title={Collapse of deep and narrow neural nets},
  author={Lu, L. and Su, Y. and Karniadakis, G. E.},
  journal={arXiv preprint arXiv:1808.04947},
  year={2018}
}

@inproceedings{chen2018neural,
  title={Neural ordinary differential equations},
  author={Chen, T. Q. and Rubanova, Y. and Bettencourt, J. and Duvenaud, D. K.},
  booktitle={Advances in Neural Information Processing Systems},
  pages={6571--6583},
  year={2018}
}

@article{jia2019neural,
  title={Neural Jump Stochastic Differential Equations},
  author={Jia, J. and Benson, A. R.},
  journal={arXiv preprint arXiv:1905.10403},
  year={2019}
}